000000116 LDR   L 00000nam a22000002a 4500
000000116 001   L 000000116
000000116 003   L CZ BrMZK
000000116 005   L 20080317144103.0
000000116 007   L ta
000000116 008   L 950101s1991    xr     f            cze d
000000116 040   L $$aBOA001$$bcze
000000116 0411  L $$acze$$bger$$brus
000000116 0809  L $$a808.2-56
000000116 1001  L $$aFlídrová, Helena,$$d1941-$$7jk01031434$$4aut
000000116 24510 L $$aSociolingvistické a psycholingvistické aspekty dialogu a polylogu v ruštině /$$cHelena Flídrová
000000116 250   L $$a1. vyd.
000000116 260   L $$aPraha :$$bStátní pedagogické nakladatelství,$$c1991
000000116 300   L $$a174 s.
000000116 4901  L $$aActa Universitatis Palackianae Olomucensis. Facultas philosophica ;$$vSuppl. 29/1989
000000116 504   L $$aObsahuje bibliografii
000000116 546   L $$aNěmecké a ruské resumé
000000116 830 0 L $$aActa Universitatis Palackianae Olomucensis.$$pFacultas philosophica
000000116 910   L $$aBOA001$$b2-0966.152
000000116 964   L $$aRuština - polylogy - dialogy
000000116 990   L $$aBK
000000116 9966  L $$b2619905610$$c2-0966.152$$lSK0$$rSKL$$n11$$pUN1 ;$$w000000116$$a1$$eBOA001$$sP

