000000117 LDR   L 00000nas a2200000 a 4500
000000117 001   L 000000117
000000117 003   L CZ BrMZK
000000117 005   L 20051111124731.0
000000117 008   L 010907c19919999xo qr p       0   b0eng d
000000117 022   L $$a1210-0668
000000117 040   L $$aBOA001$$bcze
000000117 080   L $$a616.43(05)$$2MRF
000000117 24500 L $$aEndocrine regulations
000000117 260   L $$aBratislava :$$bVeda,$$c1991-^^^^^^^^
000000117 300   L $$a28 cm
000000117 310   L $$a4x ročně
000000117 500   L $$aVydav. od r. 1996: Slovak Academic Press
000000117 541   L $$ckup
000000117 6530  L $$aendokrinologie
000000117 7102  L $$aSlovenská akadémia vied.$$bÚstav experimentálnej endokrinólogie$$7kn20050812015
000000117 78000 L $$tEndocrinologia experimentalis
000000117 910   L $$aBOA001$$b03127-0602.984$$r1991-2004$$s25-38
000000117 964   L $$aEndokrinologie$$xčasopisy
000000117 990   L $$aSE
000000117 9966  L $$b2610049616$$c03127-0602.984$$d1994 28$$v28$$y1994$$lSK4$$rSKL$$n0$$w000000117$$a1$$eBOA001$$sP
000000117 9966  L $$b2610049617$$c03127-0602.984$$d1995 29$$v29$$y1995$$lSK4$$rSKL$$n0$$w000000117$$a1$$eBOA001$$sP
000000117 9966  L $$b2610059003$$c03127-0602.984$$d1996 30 1-4$$v30$$y1996$$lSK4$$rSKL$$n0$$pkup$$w000000117$$a1$$eBOA001$$sP
000000117 9966  L $$b2610067418$$c03127-0602.984$$d1997 31 1-4$$v31$$y1997$$lSK4$$rSKL$$n0$$pkup$$w000000117$$a1$$eBOA001$$sP
000000117 9966  L $$b2610102436$$c03127-0602.984$$d1998 32 1-4$$v32$$y1998$$lSK4$$rSKL$$n1$$pkup$$w000000117$$a1$$eBOA001$$sP
000000117 9966  L $$b2610113988$$c03127-0602.984$$d1999 33 1-4$$v33$$y1999$$lSK4$$rSKL$$n0$$pkup$$w000000117$$a1$$eBOA001$$sP
000000117 9966  L $$b2610135690$$c03127-0602.984$$d2000 34 1-4$$v34$$y2000$$lSK4$$rSKL$$n0$$pkup$$w000000117$$a1$$eBOA001$$sP
000000117 9966  L $$b2610164040$$c03127-0602.984$$d2001 35 1-4$$v35$$i1-4$$y2001$$lSK4$$rSKL$$n0$$pkup$$w000000117$$a1$$eBOA001$$sP
000000117 9966  L $$b2610198320$$c03127-0602.984$$d2002 36 1-4$$v36$$i1-4$$y2002$$lSK4$$rSKL$$n0$$pkup$$w000000117$$a1$$eBOA001$$sP
000000117 9966  L $$b2610227606$$c03127-0602.984$$d2003 37 1-4$$v37$$i1-4$$y2003$$lSK4$$rSKL$$n0$$pkup.$$w000000117$$a1$$eBOA001$$sP
000000117 9966  L $$b2610256050$$c03127-0602.984$$d2004 38 1-4$$v38$$i1-4$$y2004$$lSK4$$rSKL$$n0$$pkup.$$w000000117$$a1$$eBOA001$$sP
000000117 9966  L $$b2619712469$$c03127-0602.984$$d1993 27$$v27$$y1993$$lSK4$$rSKL$$n0$$w000000117$$a1$$eBOA001$$sP
000000117 9966  L $$b2619712470$$c03127-0602.984$$d1992 26$$v26$$y1992$$lSK4$$rSKL$$n0$$w000000117$$a1$$eBOA001$$sP
000000117 9966  L $$b2619712471$$c03127-0602.984$$d1991 25$$v25$$y1991$$lSK4$$rSKL$$n0$$w000000117$$a1$$eBOA001$$sP

