000000119 LDR   L 00000nam a22000002a 4500
000000119 001   L 000000119
000000119 003   L CZ BrMZK
000000119 005   L 19950101143423.0
000000119 008   L 950101s1948    xr     f            cze d
000000119 040   L $$aBOA001$$bcze
000000119 1001  L $$aAndrić, Ivo,$$d1892-1975$$7jn19990000190
000000119 24510 L $$aMost přes Drinu
000000119 260   L $$aPraha,$$c1948
000000119 910   L $$aBOA001$$b2-0225.308
000000119 990   L $$aBK
000000119 9967  L $$b2619857138$$c2-0225.308$$lPP1$$rDEN$$n24$$w000000119$$a1$$eBOA001$$sA
000000119 9966  L $$b2619905612$$c2-0225.308$$lPP1$$rDEN$$n18$$w000000119$$a1$$eBOA001$$sP
