000000120 LDR   L 00000nas a22000002a 4500
000000120 001   L 000000120
000000120 003   L CZ BrMZK
000000120 005   L 20130801151716.0
000000120 008   L 950101u1929    xr                  cze d
000000120 040   L $$aBOA001$$bcze
000000120 24500 L $$aVýroční zpráva za rok ... :$$bokresní péče o mládež v Kloboukách u Brna
000000120 260   L $$aKlobouky u Brna,$$c[1929]-
000000120 910   L $$aBOA001$$bX2-0815.606$$r1929,1935
000000120 990   L $$aSE
000000120 9966  L $$b2619537075$$cX2-0815.606$$d1929$$y1929$$lSK8$$rDEN$$n1$$w000000120$$a1$$eBOA001$$sP
000000120 9966  L $$b2619905613$$cX2-0815.606$$d1935$$y1935$$lSK8$$rDEN$$n1$$w000000120$$a1$$eBOA001$$sP
