000000121 LDR   L 00000nam a2200000 a 4500
000000121 001   L 000000121
000000121 003   L CZ BrMZK
000000121 005   L 20140212104748.0
000000121 007   L t
000000121 008   L 930906s1993    xr a   f      000 m cze d
000000121 020   L $$a80-901020-6-9$$c75.00
000000121 040   L $$aBOA001$$bcze
000000121 0411  L $$acze$$hger
000000121 080   L $$a830-31=850$$2MRF
000000121 1001  L $$aBöll, Heinrich,$$d1917-1985$$7jn19990000996$$4aut
000000121 24510 L $$aA anděl mlčel /$$cHeinrich Böll ; Z něm. orig. přel. a dosl. opatřil Jiří Veselý ; Ilustr. Josef Velčovský
000000121 250   L $$a1. vyd. v češt.
000000121 260   L $$aPraha :$$bAkropolis,$$c1993
000000121 300   L $$a157 s. :$$bobr.
000000121 4901  L $$aPremiéra ;$$vSv. 5
000000121 7001  L $$aVeselý, Jiří,$$d1932-2009$$7jk01142173$$4trl
000000121 7001  L $$aVelčovský, Josef,$$d1945-$$7jn20000402507$$4ill
000000121 7650  L $$t<<Der >>Engel schwieg
000000121 830 0 L $$aPremiéra$$0s
000000121 910   L $$aBOA001$$b2-0992.318
000000121 962   L $$a830-31
000000121 990   L $$aBK
000000121 9966  L $$b2610002317$$c2-0992.318$$lSK0$$rSKL$$n45$$pp.v.$$w000000121$$a1$$eBOA001$$sP
